=LDR  01069cam a2200229 c 4500
=001  990005548394702202
=005  20230313075742.0
=007  cr
=007  ta
=008  140910s2000\\\\no#|||||\|||||000|1|nob|\
=020  \\$a8210043633$qib.$qrettet$z821004043633$cNkr 279.00
=080  \\$a839.6
=082  74$a839.823$qNO-OsNB$24/nor
=100  1\$aRenberg, Tore$d1972-$0(NO-TrBIB)90858991$1http://viaf.org/viaf/34565761$4aut$4http://rdaregistry.info/Elements/w/object/P10061
=240  13$aEn god tid : erindringer fra fremtiden : en kjærlighetsroman fra den tid som skal komme, til minne om den tid som har vært$1https://viaf.org/viaf/34565761/erindringer/fremtiden
=245  13$aEn god tid :$berindringer fra fremtiden$cTore Renberg
=260  \\$a[Oslo]$bTiden$c2000
=300  \\$a237 s.
=336  \\$atext$2rdacontent$0http://rdaregistry.info/termList/RDAContentType/1020
=337  \\$aunmediated$2rdamedia$0http://rdaregistry.info/termList/RDAMediaType/1007
=338  \\$avolume$2rdacarrier$0http://rdaregistry.info/termList/RDACarrierType/1049
=500  \\$aPå løst omslag: Roman

