=LDR  00958cam a2200241 c 4500
=001  990927806524702202
=005  20230531175729.0
=007  cr||||||||||||
=007  ta
=008  140722s2009\\\\no#|||||\|||||000|f|nob|\
=020  \\$a9788249506477$qh.$cNkr 129.00
=082  74$a839.823$qNO-OsNB$25/nor
=100  1\$aRenberg, Tore$d1972-$1http://viaf.org/viaf/34565761$4aut$4http://rdaregistry.info/Elements/w/object/P10053
=240  10$aCharlotte Isabel Hansen$1http://viaf.org/viaf/2229156133228058430004
=245  10$aCharlotte Isabel Hansen :$broman$cTore Renberg
=260  \\$aOslo$bOktober$ccop. 2009
=300  \\$a354 s.
=336  \\$atext$2rdacontent$0http://rdaregistry.info/termList/RDAContentType/1020
=337  \\$aunmediated$2rdamedia$0http://rdaregistry.info/termList/RDAMediaType/1007
=338  \\$avolume$2rdacarrier$0http://rdaregistry.info/termList/RDACarrierType/1049
=490  1\$aOktober pocket
=500  \\$a1. utg. 2008
=830  \0$aOktober pocket

